@misc{talavera2021autonomous,
  title={Autonomous Vehicles Technological Trends},
  author={Talavera, Edgar and D{\'\i}az-{\'A}lvarez, Alberto and Naranjo, Jos{\'e} Eugenio and Olaverri-Monreal, Cristina},
  journal={Electronics},
  volume={10},
  number={10},
  pages={1207},
  year={2021},
  publisher={Multidisciplinary Digital Publishing Institute}
}

@article{stoma2021future,
  title={The future of autonomous vehicles in the opinion of automotive market users},
  author={Stoma, Monika and Dudziak, Agnieszka and Caban, Jacek and Dro{\'z}dziel, Pawe{\l}},
  journal={Energies},
  volume={14},
  number={16},
  pages={4777},
  year={2021},
  publisher={Multidisciplinary Digital Publishing Institute}
}

@misc{bosch_global_2022, 
 title={Autonomous parking in parking garages}, url={https://www.bosch.com/stories/autonomous-parking-in-parking-garages/#:~:text=Automated%20valet%20parking%20enables%20vehicles,nobody's%20list%20of%20favorite%20activities.}, journal={Bosch Global}, author={Bosch Global}, year={2022}, month={Mar}
 } 
 
@inproceedings{baburaj2021smart,
  title={Smart Autonomous Car Parking For the Modern Vehicles},
  author={Baburaj, E and Bapu, BR Tapas and Tamilselvi, M and Dappuri, Bhasker},
  booktitle={Journal of Physics: Conference Series},
  volume={1964},
  number={4},
  pages={042070},
  year={2021},
  organization={IOP Publishing}
}

@article{choi2019self,
  title={How Self-Driving Cars Might Transform City Parking},
  author={Choi, Ch Q},
  journal={IEEE Spectrum. Febrero},
  volume={20},
  year={2019}
}

@misc{highway-env,
  author = {Leurent, Edouard},
  title = {An Environment for Autonomous Driving Decision-Making},
  year = {2018},
  publisher = {GitHub},
  journal = {GitHub repository},
  howpublished = {\url{https://github.com/eleurent/highway-env}},
}

@article{wang2014automatic,
  title={Automatic parking of vehicles: A review of literatures},
  author={Wang, Wenbo and Song, Y and Zhang, Juan and Deng, H},
  journal={International Journal of Automotive Technology},
  volume={15},
  number={6},
  pages={967--978},
  year={2014},
  publisher={Springer}
}

@inproceedings{lin2018path,
  title={Path planning for autonomous car parking},
  author={Lin, Letian and Zhu, J Jim},
  booktitle={Dynamic Systems and Control Conference},
  volume={51913},
  pages={V003T32A017},
  year={2018},
  organization={American Society of Mechanical Engineers}
}

@article{correa2017autonomous,
  title={Autonomous car parking system through a cooperative vehicular positioning network},
  author={Correa, Alejandro and Boquet, Guillem and Morell, Antoni and Lopez Vicario, Jose},
  journal={Sensors},
  volume={17},
  number={4},
  pages={848},
  year={2017},
  publisher={Multidisciplinary Digital Publishing Institute}
}

@article{chan2021review,
  title={Review of autonomous intelligent vehicles for urban driving and parking},
  author={Chan, Teck Kai and Chin, Cheng Siong},
  journal={Electronics},
  volume={10},
  number={9},
  pages={1021},
  year={2021},
  publisher={Multidisciplinary Digital Publishing Institute}
}

@article{torabi2018behavioral,
  title={Behavioral cloning from observation},
  author={Torabi, Faraz and Warnell, Garrett and Stone, Peter},
  journal={arXiv preprint arXiv:1805.01954},
  year={2018}
}

@inproceedings{saksena2019towards,
  title={Towards behavioural cloning for autonomous driving},
  author={Saksena, Saumya Kumaar and Navaneethkrishnan, B and Hegde, Sinchana and Raja, Pragadeesh and Vishwanath, Ravi M},
  booktitle={2019 Third IEEE International Conference on Robotic Computing (IRC)},
  pages={560--567},
  year={2019},
  organization={IEEE}
}

@inproceedings{takehara2021autonomous,
  title={Autonomous Car Parking System using Deep Reinforcement Learning},
  author={Takehara, Rikuya and Gonsalves, Tad},
  booktitle={2021 2nd International Conference on Innovative and Creative Information Technology (ICITech)},
  pages={85--89},
  year={2021},
  organization={IEEE}
}

@inproceedings{codevilla2019exploring,
  title={Exploring the limitations of behavior cloning for autonomous driving},
  author={Codevilla, Felipe and Santana, Eder and L{\'o}pez, Antonio M and Gaidon, Adrien},
  booktitle={Proceedings of the IEEE/CVF International Conference on Computer Vision},
  pages={9329--9338},
  year={2019}
}

@inproceedings{farag2018behavior,
  title={Behavior cloning for autonomous driving using convolutional neural networks},
  author={Farag, Wael and Saleh, Zakaria},
  booktitle={2018 International Conference on Innovation and Intelligence for Informatics, Computing, and Technologies (3ICT)},
  pages={1--7},
  year={2018},
  organization={IEEE}
}

@article{ly2020learning,
  title={Learning to drive by imitation: An overview of deep behavior cloning methods},
  author={Ly, Abdoulaye O and Akhloufi, Moulay},
  journal={IEEE Transactions on Intelligent Vehicles},
  volume={6},
  number={2},
  pages={195--209},
  year={2020},
  publisher={IEEE}
}

@article{osa2018algorithmic,
  title={An algorithmic perspective on imitation learning},
  author={Osa, Takayuki and Pajarinen, Joni and Neumann, Gerhard and Bagnell, J Andrew and Abbeel, Pieter and Peters, Jan},
  journal={arXiv preprint arXiv:1811.06711},
  year={2018}
}

@misc{lecture6789wen,
  author        = {Sham Kakade and Wensun},
  title         = {Lecture notes in CS6789 Foundations of Reinforcement Learning},
  month         = {December},
  year          = {2020},
  publisher={Cornell University}
}

@book{yu2010introduction,
  title={Introduction to evolutionary algorithms},
  author={Yu, Xinjie and Gen, Mitsuo},
  year={2010},
  publisher={Springer Science \& Business Media}
}

@article{arulkumaran2017deep,
  title={Deep reinforcement learning: A brief survey},
  author={Arulkumaran, Kai and Deisenroth, Marc Peter and Brundage, Miles and Bharath, Anil Anthony},
  journal={IEEE Signal Processing Magazine},
  volume={34},
  number={6},
  pages={26--38},
  year={2017},
  publisher={IEEE}
}

@article{kiran2021deep,
  title={Deep reinforcement learning for autonomous driving: A survey},
  author={Kiran, B Ravi and Sobh, Ibrahim and Talpaert, Victor and Mannion, Patrick and Al Sallab, Ahmad A and Yogamani, Senthil and P{\'e}rez, Patrick},
  journal={IEEE Transactions on Intelligent Transportation Systems},
  year={2021},
  publisher={IEEE}
}

@misc{russell2016artificial,
  title={Artificial intelligence: a modern approach. Malaysia},
  author={Russell, Stuart J and Norvig, Peter},
  year={2016},
  publisher={Pearson Education Limited London, UK:}
}

@inproceedings{haarnoja2018soft,
  title={Soft actor-critic: Off-policy maximum entropy deep reinforcement learning with a stochastic actor},
  author={Haarnoja, Tuomas and Zhou, Aurick and Abbeel, Pieter and Levine, Sergey},
  booktitle={International conference on machine learning},
  pages={1861--1870},
  year={2018},
  organization={PMLR}
}

@inproceedings{sainath2021application,
  title={Application of Neuroevolution in Autonomous Cars},
  author={Sainath, G and Vignesh, S and Siddarth, S and Suganya, G},
  booktitle={International Virtual Conference on Industry 4.0},
  pages={301--311},
  year={2021},
  organization={Springer}
}

@book{yang2020nature,
  title={Nature-inspired optimization algorithms},
  author={Yang, Xin-She},
  year={2020},
  publisher={Academic Press}
}

@article{sloss20202019,
  title={2019 evolutionary algorithms review},
  author={Sloss, Andrew N and Gustafson, Steven},
  journal={Genetic programming theory and practice XVII},
  pages={307--344},
  year={2020},
  publisher={Springer}
}

@book{simon2013evolutionary,
  title={Evolutionary optimization algorithms},
  author={Simon, Dan},
  year={2013},
  publisher={John Wiley \& Sons}
}

@article{zouita2019improving,
  title={Improving genetic algorithm using arc consistency technic},
  author={Zouita, Meriem and Bouamama, Sadok and Barkaoui, Kamel},
  journal={Procedia Computer Science},
  volume={159},
  pages={1387--1396},
  year={2019},
  publisher={Elsevier}
}